<?xml version="1.0" encoding="UTF-8"?><collection xmlns="http://www.loc.gov/MARC21/slim"><record><leader>00447nam--2200121-i-4500</leader><controlfield tag="001">000041367</controlfield><controlfield tag="002">20161230</controlfield><controlfield tag="005">20161230201043</controlfield><controlfield tag="008">060222s1000------------r-----000-0-eng-d</controlfield><datafield ind1=" " ind2=" " tag="080"><subfield code="a">550.34</subfield></datafield><datafield ind1=" " ind2=" " tag="245"><subfield code="a">Seismology and physics of the eart`s interior. national report for the federal republic of germany 1963-1967. compiled by heinz menzel and stephan mueller</subfield></datafield><datafield ind1=" " ind2=" " tag="260"><subfield code="a">Munchen, International Union Of Geodesy And Geophysics, 1976, 24p</subfield></datafield><datafield ind1=" " ind2=" " tag="852"><subfield code="a">48083</subfield></datafield></record></collection>